@misc{se_code,
 title   = {Software Engineering Code of Ethics and Professional Practice},
 url     = {http://www.acm.org/about/se-code},
 annote  = {Used as a reference to relate issues raised by the Firesheep project to the se code of ethics.},
}

@misc{codebutler_main,
 author  = {Eric Butler},
 title   = {Firesheep},
 url     = {http://codebutler.com/firesheep},
 annote  = {This is Eric Butler's homepage for the Firesheep project and contains his reasons for creating Firesheep in addition to usage instructions for the tool.},
}

@misc{codebutler_blog_1,
 author  = {Eric Butler},
 title   = {Firesheep, a day later},
 url     = {http://codebutler.com/firesheep-a-day-later},
 annote  = {This is Eric Butler's first blog post following the release of Firesheep, which details his thoughts on the public's initial reaction to the project.},
}

@misc{codebutler_blog_2,
 author  = {Eric Butler},
 title   = {Firesheep, a week later: Ethics and Legality},
 url     = {http://codebutler.com/firesheep-a-week-later-ethics-and-legality},
 annote  = {This is Eric Butler's second blog post following the release of Firesheep, which deals with his thoughts regarding the ethics and legality of Firesheep.},
}

@misc{codebutler_blog_3,
 author  = {Eric Butler},
 title   = {Firesheep, a week later: Idiot Shepherds},
 url     = {http://codebutler.com/firesheep-a-week-later-idiot-shepherds},
 annote  = {This is Eric Butler's third blog post following the release of Firesheep, in which he discusses other projects that have been inspired by Firesheep.},
}

@misc{codebutler_blog_4,
 author  = {Eric Butler},
 title   = {Firesheep, three weeks later: Fallout},
 url     = {http://codebutler.com/firesheep-three-weeks-later-fallout},
 annote  = {This is Eric Butler's fourth blog post following the release of Firesheep, in which he discusses the fallout caused by the release of Firesheep.},
}

@misc{show_me_your_cookie,
 author  = {Vincent Toubiana and Vincent Verdot},
 title   = {Show Me Your Cookie And I Will Tell You Who You Are},
 url     = {http://arxiv.org/pdf/1108.5864v1},
 annote  = {This paper shows how the Firesheep tool can raise an ethical dilemna, as the authors use the tool to exploit the privacy of volunteers through Google's personalized search system.},
}

@misc{ssl,
 author  = {Alan O. Freier and Philip Karlton and Paul C. Kocher},
 title   = {The SSL Protocol Version 3.0},
 url     = {http://tools.ietf.org/html/draft-ietf-tls-ssl-version3-00},
 annote  = {This is the specification for the SSL Protocol, which will be used mainly as a reference to the protocol encryption technology.},
}

@misc{https,
 author  = {E. Rescorla},
 title   = {HTTP Over TLS},
 url     = {http://tools.ietf.org/html/rfc2818},
 annote  = {This is the specification for the https protocol, which will be used mainly as a reference to the https over tsl technology.},
}

@misc{alexa,
 title   = {Alexa Top Sites},
 url     = {http://www.alexa.com/topsites},
 annote  = {Used to show that websites supported by Firesheep are some of the most visited ones in the world.},
}

@misc{github,
 title   = {Firesheep Source Code},
 url     = {https://github.com/codebutler/firesheep},
 annote  = {Used as a reference to the open source code for Firesheep.},
}

@misc{handlers_howto,
 title   = {Writing Handlers},
 url     = {https://github.com/codebutler/firesheep/wiki/Writing-Handlers},
 annote  = {Used to show the process for adding a handler to Firesheep.},
}

@misc{law_1,
 title   = {Fraud and Related Activity in Connection With Computers},
 url     = {http://www.law.cornell.edu/uscode/18/1030.html},
 annote  = {Demonstrates a US law that could potentially be used to prosecute users of Firesheep.},
}

@misc{law_2,
 title   = {Interception and Disclosure of Wire, Oral, or Electronic Communications Prohibited},
 url     = {http://www.law.cornell.edu/uscode/18/usc_sec_18_00002511----000-.html},
 annote  = {Demonstrates another US law that could potentially be used to prosecute users of Firesheep.},
}

@misc{hijacking,
 author  = {Shray Kapoor},
 title   = {Session Hijacking: Exploiting TCP, UDP and HTTP Sessions},
 url     = {http://www.infosecwriters.com/text_resources/pdf/SKapoor_SessionHijacking.pdf},
 annote  = {This paper talks about the process behind Firesheep, known as "session hijacking".},
}

@misc{forbes,
 author  = {Kashmir Hill},
 title   = {Firesheep Users May Be Breaking the Law},
 url     = {http://www.forbes.com/sites/kashmirhill/2010/10/28/firesheep-users-may-be-breaking-the-law/},
 annote  = {This article discusses the legal implications of using Firesheep.},
}

@misc{toorcon,
 title   = {Toorcon San Diego},
 url     = {http://sandiego.toorcon.org/},
 annote  = {This is the main site for the San Diego based Toorcon conference.},
}

@misc{eff_about,
 title   = {About EFF},
 url     = {https://www.eff.org/about},
 annote  = {The EFF's about page.},
}

@misc{eff_privacy,
 title   = {Privacy},
 url     = {https://www.eff.org/issues/privacy},
 annote  = {A statement on privacy by the Electronic Frontier Foundation.},
}

@misc{github_reaction,
 title   = {Sidejack Prevention},
 url     = {https://github.com/blog/737-sidejack-prevention},
 annote  = {This blog post shows github's response to Firesheep.},
}

@misc{facebook_reaction,
 title   = {Facebook Offers Protection Against Wireless Firesheep Attack},
 url     = {http://www.pcworld.com/businesscenter/article/217851/facebook_offers_protection_against_wireless_firesheep_attack.html},
 annote  = {This blog post shows facebook's response to Firesheep.},
}

@misc{twitter_reaction,
 title   = {Making Twitter more secure: HTTPS},
 url     = {http://blog.twitter.com/2011/03/making-twitter-more-secure-https.html},
 annote  = {This blog post shows twitter's response to Firesheep.},
}

@misc{incompetence,
 author  = {Peter Farrell-Vinay},
 title   = {The process of incompetence},
 annote  = {Paper discussed in CPE-300 regarding the process of incompetence.},
}

@misc{toorcon_slides,
 author  = {Eric Butler and Ian Gallagher},
 title   = {Hey Web 2.0: Start protecting user privacy instead of pretending to},
 url     = {http://codebutler.github.com/firesheep/tc12},
 annote  = {The slides for Eric Butler's Toorcon presentation.},
}

@misc{utility,
 title   = {The History of Utilitarianism},
 url     = {http://plato.stanford.edu/entries/utilitarianism-history/},
 annote  = {Used to provide background on the utilitarianism ethical system.}
}
